<record><leader>00000cas a2200000 a 4500</leader><controlfield tag="001">8776616</controlfield><controlfield tag="008">820915d18671939iluwr ne      0   a0eng  </controlfield><controlfield tag="009">466</controlfield><datafield ind1=" " ind2=" " tag="010"><subfield code="a">sn 82014344 </subfield></datafield><datafield ind1=" " ind2=" " tag="040"><subfield code="a">DLC</subfield><subfield code="b">eng</subfield><subfield code="c">DLC</subfield><subfield code="d">NPX</subfield><subfield code="d">NPU</subfield><subfield code="d">DLC</subfield><subfield code="d">NVF</subfield><subfield code="d">OCLCQ</subfield><subfield code="d">NVF</subfield><subfield code="d">OCLCO</subfield><subfield code="d">OCLCF</subfield></datafield><datafield ind1="1" ind2=" " tag="029"><subfield code="a">AU@</subfield><subfield code="b">000025816429</subfield></datafield><datafield ind1=" " ind2=" " tag="042"><subfield code="a">pcc</subfield></datafield><datafield ind1=" " ind2=" " tag="043"><subfield code="a">n-us-il</subfield></datafield><datafield ind1="0" ind2="0" tag="050"><subfield code="a">Newspaper 7574-X</subfield></datafield><datafield ind1="0" ind2=" " tag="130"><subfield code="a">Jonesboro gazette (Jonesboro, Ill. : 1867)</subfield></datafield><datafield ind1="1" ind2="0" tag="245"><subfield code="a">Jonesboro gazette.</subfield></datafield><datafield ind1=" " ind2=" " tag="260"><subfield code="a">Jonesboro, Ill. :</subfield><subfield code="b">T.F. Bouton,</subfield><subfield code="c">1867-1939.</subfield></datafield><datafield ind1=" " ind2=" " tag="300"><subfield code="a">v.</subfield></datafield><datafield ind1=" " ind2=" " tag="310"><subfield code="a">Weekly</subfield></datafield><datafield ind1="0" ind2=" " tag="362"><subfield code="a">Vol. 17, no. 46 (Feb. 2, 1867)-v. 90, no. 36 (Oct. 20, 1939).</subfield></datafield><datafield ind1=" " ind2=" " tag="515"><subfield code="a">Continues the numbering of: Jonesboro weekly gazette (Jonesboro, Ill. : 1866).</subfield></datafield><datafield ind1=" " ind2=" " tag="530"><subfield code="a">Preservation microfilmed by the University of Illinois at Urbana-Champaign Library as part of the United States Newspaper Program; the years 1867-1888 (on 1 microfilm reel) are available for purchase from OCLC Preservation Service Centers.</subfield></datafield><datafield ind1=" " ind2=" " tag="580"><subfield code="a">Merged with: Democrat (Anna, Ill.), to form: Gazette-Democrat.</subfield></datafield><datafield ind1=" " ind2="0" tag="651"><subfield code="a">Jonesboro (Ill.)</subfield><subfield code="v">Newspapers.</subfield></datafield><datafield ind1=" " ind2="0" tag="651"><subfield code="a">Union County (Ill.)</subfield><subfield code="v">Newspapers.</subfield></datafield><datafield ind1=" " ind2="7" tag="655"><subfield code="a">Newspapers.</subfield><subfield code="2">fast</subfield><subfield code="0">(OCoLC)fst01423814</subfield></datafield><datafield ind1=" " ind2="7" tag="651"><subfield code="a">Illinois</subfield><subfield code="z">Jonesboro.</subfield><subfield code="2">fast</subfield><subfield code="0">(OCoLC)fst01883803</subfield></datafield><datafield ind1=" " ind2="7" tag="651"><subfield code="a">Illinois</subfield><subfield code="z">Union County.</subfield><subfield code="2">fast</subfield><subfield code="0">(OCoLC)fst01208093</subfield></datafield><datafield ind1=" " ind2=" " tag="752"><subfield code="a">United States</subfield><subfield code="b">Illinois</subfield><subfield code="c">Union</subfield><subfield code="d">Jonesboro.</subfield></datafield><datafield ind1="0" ind2="0" tag="780"><subfield code="t">Jonesboro weekly gazette (Jonesboro, Ill. : 1866)</subfield><subfield code="w">(DLC)sn 93055612</subfield><subfield code="w">(OCoLC)27646525</subfield></datafield><datafield ind1="1" ind2="7" tag="785"><subfield code="t">Democrat (Anna, Ill.)</subfield><subfield code="w">(DLC)sn 93055613</subfield><subfield code="w">(OCoLC)27646812</subfield></datafield><datafield ind1="1" ind2="7" tag="785"><subfield code="t">Gazette-Democrat</subfield><subfield code="w">(DLC)sn 93055614</subfield><subfield code="w">(OCoLC)27647000</subfield></datafield></record>